@book{sterling2013algebra,
  title={{\'A}lgebra I Para Leigos},
  author={Sterling, M.J.},
  isbn={9788576082569},
  series={Para Leigos},
  url={https://books.google.com.br/books?id=RUiQAQAAQBAJ},
  year={2013},
  publisher={ALTA BOOKS}
}

@book{ross1980elementary,
  title={Elementary Analysis: The Theory of Calculus},
  author={Ross, K.A.},
  isbn={9780387904597},
  lccn={99224968},
  series={Springer Undergraduate Texts in Mathematics and Technology},
  url={https://books.google.com.br/books?id=5JxHZNpMq3AC},
  year={1980},
  publisher={Springer}
}

@book{larson2010calculus,
  title={Calculus of a Single Variable: Early Transcendental Functions},
  author={Larson, R. and Edwards, B.H.},
  isbn={9780538735520},
  lccn={2009933327},
  url={https://books.google.com.br/books?id=catiDoHY5q4C},
  year={2010},
  publisher={Cengage Learning}
}

